<?xml version="1.0" encoding="UTF-8"?><collection xmlns="http://www.loc.gov/MARC21/slim"><record><leader>00457nam--2200145-i-4500</leader><controlfield tag="001">000019463</controlfield><controlfield tag="002">20161230</controlfield><controlfield tag="005">20161230201033</controlfield><controlfield tag="008">060222s1000------------r-----000-0-eng-d</controlfield><datafield ind1=" " ind2=" " tag="080"><subfield code="a">547.25(043)</subfield></datafield><datafield ind1=" " ind2=" " tag="100"><subfield code="a">Ducom, Jean</subfield></datafield><datafield ind1=" " ind2=" " tag="245"><subfield code="a">Etudes physicochimiques sur la structure des organomagnesiens solvates.these</subfield></datafield><datafield ind1=" " ind2=" " tag="260"><subfield code="a">Paris, Universite De Paris Vi, 1971./3519-3529</subfield></datafield><datafield ind1=" " ind2=" " tag="490"><subfield code="a">Article Principal Recouvrant En Partie La These Presentee</subfield></datafield><datafield ind1=" " ind2=" " tag="852"><subfield code="a">40288</subfield></datafield></record></collection>